% Encoding: windows-1252

@InProceedings{Faye2007,
author="Faye, David
and Nachouki, Gilles
and Valduriez, Patrick",
editor="Enokido, Tomoya
and Barolli, Leonard
and Takizawa, Makoto",
title="Semantic Query Routing in SenPeer, a P2P Data Management System",
booktitle="Network-Based Information Systems",
year="2007",
publisher="Springer Berlin Heidelberg",
address="Berlin, Heidelberg",
pages="365--374"
}

@InProceedings{Strassner2010,
author="Strassner, John
and Kim, Sung-Su
and Hong, James Won-Ki",
editor="{\"O}zcan, Abdulkadir
and Chaki, Nabendu
and Nagamalai, Dhinaharan",
title="Semantic Routing for Improved Network Management in the Future Internet",
booktitle="Recent Trends in Wireless and Mobile Networks",
year="2010",
publisher="Springer Berlin Heidelberg",
address="Berlin, Heidelberg",
pages="163--176",
isbn="978-3-642-14171-3"
}

@InProceedings{Carzaniga2004,
author={A. Carzaniga and M. J. Rutherford and A. L. Wolf},
booktitle={IEEE INFOCOM 2004},
title={A routing scheme for content-based networking},
year={2004},
volume = {2},
pages={918-928},
keywords={routing protocols;telecommunication network topology;telecommunication services;content-based networking;content-based routing protocol;routing scheme;traditional broadcast protocol;Broadcasting;Computer science;Condition monitoring;Games;Intrusion detection;Network synthesis;Robustness;Routing protocols},
doi={10.1109/INFCOM.2004.1356979},
ISSN={0743-166X},
month={March}
}

@InProceedings{Mottola2008,
author={L. Mottola and G. Cugola and G. P. Picco},
booktitle={IEEE Transactions on Mobile Computing},
title={A Self-Repairing Tree Topology Enabling Content-Based Routing in Mobile Ad Hoc Networks},
year={2008},
volume = {7},
pages={946-960},
keywords={ad hoc networks;mobile computing;protocols;telecommunication network routing;telecommunication network topology;COMAN;content-based routing;mobile ad hoc networks;self-repairing tree topology;tree-shaped network;Mobile Computing;Routing protocols;Wireless communication},
doi={10.1109/TMC.2007.70789},
ISSN={1536-1233},
month={Aug}
}

@book{Tanenbaum2007,
added-at = {2008-02-08T20:46:14.000+0100},
asin = {3827372933},
author = {Tanenbaum, Andrew S. and van Steen, Maarten},
biburl = {https://www.bibsonomy.org/bibtex/247b81b30e953ac366da0eb54adf17336/steff83},
description = {Amazon.de: Verteilte Systeme: BÃ¼cher: Andrew S. Tanenbaum,Maarten van Steen},
ean = {9783827372932},
edition = {2., Aufl.},
interhash = {35ec1174fc825a2f925a0a775c153e2e},
intrahash = {47b81b30e953ac366da0eb54adf17336},
isbn = {3827372933},
keywords = {algorithm distributed_systems ds vs},
publisher = {PEARSON STUDIUM},
timestamp = {2008-02-21T12:56:22.000+0100},
title = {Verteilte Systeme},
year = 2007
}

@book{Kurose2008,
added-at = {2011-02-16T00:00:00.000+0100},
author = {Kurose, James F. and Ross, Keith W.},
biburl = {https://www.bibsonomy.org/bibtex/22b114ccd8bc14f7d239cf908fde9d745/dblp},
ee = {http://www.pearson-studium.de/main/main.asp?page=bookdetails&ProductID=161178},
interhash = {452a6eb397702d2422c81d2faa2aa2ef},
intrahash = {2b114ccd8bc14f7d239cf908fde9d745},
isbn = {978-3-8273-7330-4},
keywords = {dblp},
pages = {1-896},
publisher = {Pearson Studium},
timestamp = {2011-04-29T15:26:05.000+0200},
title = {Computernetzwerke - der Top-Down-Ansatz (6. Aufl.).},
year = 2008
}

@Misc{Sahlmann2016,
    title        = {Ad-hoc Semantic Internet Protocol (ASIP)},
    organization = {8th EAI International Conference on Ad Hoc Networks, Ottawa, Kanada},
    author       = {Thomas Schwotzer and Kristina Sahlmann and Michael Schwarz},
    howpublished = {Submitted to},
    year         = {2016},
}

@Misc{Schwotzer2014,
    author       = {Thomas Schwotzer},
    title        = {Building Semantic P2P Applications with Shark},
    howpublished = {\url{http://www.sharksystem.net/sharkDeveloperGuide/Shark2.0_DevelopersGuide.pdf}},
    year         = {2014},
    edition      = {0.9 (pre-release)},
}

@Misc{ASIPBF2017,
    title        = {ASIP IoT Backus-Naur form},
    howpublished = {\url{https://github.com/SharedKnowledge/SharkPython/blob/master/asip-iot.md}},
    year         = {2017},
}